<record><leader>00000cas a22000007a 4500</leader><controlfield tag="001">1766496</controlfield><controlfield tag="008">751101c19309999nduwr ne      0    0eng d</controlfield><controlfield tag="009">501</controlfield><datafield ind1=" " ind2=" " tag="010"><subfield code="a">sn 88076454 </subfield></datafield><datafield ind1=" " ind2=" " tag="040"><subfield code="a">MUL</subfield><subfield code="b">eng</subfield><subfield code="c">MUL</subfield><subfield code="d">NOP</subfield></datafield><datafield ind1="1" ind2=" " tag="029"><subfield code="a">AU@</subfield><subfield code="b">000025838551</subfield></datafield><datafield ind1=" " ind2=" " tag="042"><subfield code="a">msc</subfield></datafield><datafield ind1="0" ind2="0" tag="245"><subfield code="a">Steele County press.</subfield></datafield><datafield ind1=" " ind2=" " tag="260"><subfield code="a">Finley, Steele County, N.D. :</subfield><subfield code="b">N.P. Simonson,</subfield></datafield><datafield ind1=" " ind2=" " tag="300"><subfield code="a">v. :</subfield><subfield code="b">ill. ;</subfield><subfield code="c">54-58 cm.</subfield></datafield><datafield ind1=" " ind2=" " tag="310"><subfield code="a">Weekly</subfield></datafield><datafield ind1="0" ind2=" " tag="362"><subfield code="a">Vol. 32, no.20 (Jan. 2, 1930)-</subfield></datafield><datafield ind1=" " ind2=" " tag="500"><subfield code="a">"Official newspaper for the City of Finley and Steele County, North Dakota."</subfield></datafield><datafield ind1=" " ind2=" " tag="530"><subfield code="a">Available on microfilm from the State Historical Society of North Dakota.</subfield></datafield><datafield ind1=" " ind2=" " tag="752"><subfield code="a">United States</subfield><subfield code="b">North Dakota</subfield><subfield code="c">Steele</subfield><subfield code="d">Finley.</subfield></datafield><datafield ind1="0" ind2=" " tag="770"><subfield code="t">Nor'wester</subfield><subfield code="w">(DLC)sn 88076766</subfield></datafield><datafield ind1="0" ind2="0" tag="780"><subfield code="t">Steele County farmers press</subfield><subfield code="w">(DLC)sn 87096046</subfield></datafield></record>